
@article{benson2023,
	title = {A Brain-Wide Map of Neural Activity during Complex Behaviour},
	author = {Benson, Brandon and Benson, Julius and Birman, Daniel and Bonacchi, {Niccolò} and Carandini, Matteo and Catarino, Joana A and Chapuis, Gaelle A and Churchland, Anne K and Dan, Yang and Dayan, Peter and DeWitt, Eric EJ and Engel, Tatiana A and Fabbri, Michele and Faulkner, Mayo and Fiete, Ila Rani and Findling, Charles and Freitas-Silva, Laura and {Gerçek}, Berk and Harris, Kenneth D and {Häusser}, Michael and Hofer, Sonja B and Hu, Fei and Hubert, {Félix} and Huntenburg, Julia M and Khanal, Anup and Krasniak, Christopher and Langdon, Christopher and Lau, Petrina Y P and Mainen, Zachary F and Meijer, Guido T and Miska, Nathaniel J and Mrsic-Flogel, Thomas D and Noel, Jean-Paul and Nylund, Kai and Pan-Vazquez, Alejandro and Pouget, Alexandre and Rossant, Cyrille and Roth, Noam and Schaeffer, Rylan and Schartner, Michael and Shi, Yanliang and Socha, Karolina Z and Steinmetz, Nicholas A and Svoboda, Karel and Urai, Anne E and Wells, Miles J and West, Steven Jon and Whiteway, Matthew R and Winter, Olivier and Witten, Ilana B},
	year = {2023},
	month = {01},
	date = {2023-01-01},
	journal = {bioRxiv},
	pages = {2023.07.04.547681},
	doi = {10.1101/2023.07.04.547681},
	url = {http://biorxiv.org/content/early/2023/07/04/2023.07.04.547681.1.abstract}
}

@article{jun2017,
	title = {Fully integrated silicon probes for high-density recording of neural activity},
	author = {Jun, James J. and Steinmetz, Nicholas A. and Siegle, Joshua H. and Denman, Daniel J. and Bauza, Marius and Barbarits, Brian and Lee, Albert K. and Anastassiou, Costas A. and Andrei, Alexandru and {Ayd{\i}n}, {Ça{\u{g}}atay} and Barbic, Mladen and Blanche, Timothy J. and Bonin, Vincent and Couto, {João} and Dutta, Barundeb and Gratiy, Sergey L. and Gutnisky, Diego A. and {Häusser}, Michael and Karsh, Bill and Ledochowitsch, Peter and Lopez, Carolina Mora and Mitelut, Catalin and Musa, Silke and Okun, Michael and Pachitariu, Marius and Putzeys, Jan and Rich, P. Dylan and Rossant, Cyrille and Sun, Wei-lung and Svoboda, Karel and Carandini, Matteo and Harris, Kenneth D. and Koch, Christof and {O{\textquoteright}Keefe}, John and Harris, Timothy D.},
	year = {2017},
	month = {11},
	date = {2017-11-01},
	journal = {Nature},
	pages = {232--236},
	volume = {551},
	number = {7679},
	doi = {10.1038/nature24636},
	url = {https://doi.org/10.1038/nature24636}
}

@article{combrisson2020,
	title = {Tensorpac: An open-source Python toolbox for tensor-based phase-amplitude coupling measurement in electrophysiological brain signals},
	author = {Combrisson, Etienne and Nest, Timothy and Brovelli, Andrea and Ince, Robin A. A. and Soto, Juan L. P. and Guillot, Aymeric and Jerbi, Karim},
	year = {2020},
	month = {10},
	date = {2020-10-29},
	journal = {PLOS Computational Biology},
	pages = {e1008302},
	volume = {16},
	number = {10},
	doi = {10.1371/journal.pcbi.1008302},
	url = {https://doi.org/10.1371/journal.pcbi.1008302},
	note = {Publisher: Public Library of Science}
}

@article{huang2011,
	title = {Predictive coding},
	author = {Huang, Yanping and Rao, Rajesh P. N.},
	year = {2011},
	month = {09},
	date = {2011-09-01},
	journal = {WIREs Cognitive Science},
	pages = {580--593},
	volume = {2},
	number = {5},
	doi = {10.1002/wcs.142},
	url = {https://doi.org/10.1002/wcs.142},
	note = {Publisher: John Wiley & Sons, Ltd}
}

@article{shipp2016,
	title = {Neural elements for predictive coding},
	author = {Shipp, Stewart},
	year = {2016},
	date = {2016},
	journal = {Frontiers in psychology},
	pages = {1792},
	volume = {7},
	note = {Publisher: Frontiers Media SA}
}

@article{felleman1991,
	title = {Distributed hierarchical processing in the primate cerebral cortex.},
	author = {Felleman, Daniel J and Van Essen, David C},
	year = {1991},
	date = {1991},
	journal = {Cerebral cortex (New York, NY: 1991)},
	pages = {1--47},
	volume = {1},
	number = {1}
}

@article{vinck2022,
	title = {The neural dynamics of feedforward and feedback interactions in predictive processing},
	author = {Vinck, Martin and Uran, Cem and Canales-Johnson, {Andrés}},
	year = {2022},
	date = {2022},
	doi = {10.31234/osf.io/n3afb},
	url = {http://europepmc.org/abstract/PPR/PPR566237},
	note = {Publisher: PsyArXiv}
}

@article{aggarwal2022,
	title = {Visual evoked feedforward{\textendash}feedback traveling waves organize neural activity across the cortical hierarchy in mice},
	author = {Aggarwal, Adeeti and Brennan, Connor and Luo, Jennifer and Chung, Helen and Contreras, Diego and Kelz, Max B. and Proekt, Alex},
	year = {2022},
	month = {08},
	date = {2022-08-13},
	journal = {Nature Communications},
	pages = {4754},
	volume = {13},
	number = {1},
	doi = {10.1038/s41467-022-32378-x},
	url = {https://doi.org/10.1038/s41467-022-32378-x}
}

@article{vankerkoerle2014,
	title = {Alpha and gamma oscillations characterize feedback and feedforward processing in monkey visual cortex},
	author = {Van Kerkoerle, Timo and Self, Matthew W and Dagnino, Bruno and Gariel-Mathis, Marie-Alice and Poort, Jasper and Van Der Togt, Chris and Roelfsema, Pieter R},
	year = {2014},
	date = {2014},
	journal = {Proceedings of the National Academy of Sciences},
	pages = {14332--14341},
	volume = {111},
	number = {40},
	note = {Publisher: National Acad Sciences}
}
@misc{unified2024,
	author = {IBL},
	title = {Unified International Brain Laboratory environment},
	year = {2024},
	date = {2024},
	url = {https://github.com/int-brain-lab/iblenv}
}

@article{combrisson2020,
	title = {Tensorpac: An open-source Python toolbox for tensor-based phase-amplitude coupling measurement in electrophysiological brain signals},
	author = {Combrisson, Etienne and Nest, Timothy and Brovelli, Andrea and Ince, Robin A. A. and Soto, Juan L. P. and Guillot, Aymeric and Jerbi, Karim},
	year = {2020},
	month = {10},
	date = {2020-10-29},
	journal = {PLOS Computational Biology},
	pages = {e1008302},
	volume = {16},
	number = {10},
	doi = {10.1371/journal.pcbi.1008302},
	url = {https://doi.org/10.1371/journal.pcbi.1008302},
	note = {Publisher: Public Library of Science}
}

@article{windolf2023,
	title = {DREDge: robust motion correction for high-density extracellular recordings across species},
	author = {Windolf, Charlie and Yu, Han and Paulk, Angelique C. and {Meszéna}, Domokos and {Muñoz}, William and Boussard, Julien and Hardstone, Richard and Caprara, Irene and Jamali, Mohsen and Kfir, Yoav and Xu, Duo and Chung, Jason E. and Sellers, Kristin K. and Ye, Zhiwen and Shaker, Jordan and Lebedeva, Anna and Raghavan, Manu and Trautmann, Eric and Melin, Max and Couto, {João} and Garcia, Samuel and Coughlin, Brian and {Horváth}, Csaba and {Fiáth}, {Richárd} and Ulbert, {István} and Movshon, J. Anthony and Shadlen, Michael N. and Churchland, Mark M. and Churchland, Anne K. and Steinmetz, Nicholas A. and Chang, Edward F. and Schweitzer, Jeffrey S. and Williams, Ziv M. and Cash, Sydney S. and Paninski, Liam and Varol, Erdem},
	year = {2023},
	month = {10},
	date = {2023-10-29},
	journal = {bioRxiv},
	pages = {2023.10.24.563768},
	doi = {10.1101/2023.10.24.563768},
	url = {https://www.ncbi.nlm.nih.gov/pmc/articles/PMC10634799/},
	note = {PMID: 37961359
PMCID: PMC10634799}
}

@article{nestvogel2022,
	title = {Visual thalamocortical mechanisms of waking state-dependent activity and alpha oscillations},
	author = {Nestvogel, Dennis B. and McCormick, David A.},
	year = {2022},
	month = {01},
	date = {2022-01-05},
	journal = {Neuron},
	pages = {120--138.e4},
	volume = {110},
	number = {1},
	doi = {10.1016/j.neuron.2021.10.005},
	note = {PMID: 34687663
PMCID: PMC8815448},
	langid = {eng}
}

@article{senzai2019,
	title = {Layer-Specific Physiological Features and Interlaminar Interactions in the Primary Visual Cortex of the Mouse},
	author = {Senzai, Yuta and Fernandez-Ruiz, Antonio and {Buzsáki}, {György}},
	year = {2019},
	date = {2019},
	journal = {Neuron},
	pages = {500--513},
	volume = {101},
	langid = {en}
}

@article{bonnefond2015,
	title = {Gamma Activity Coupled to Alpha Phase as a Mechanism for Top-Down Controlled Gating},
	author = {Bonnefond, Mathilde and Jensen, Ole},
	year = {2015},
	month = {06},
	date = {2015-06-03},
	journal = {PLOS ONE},
	pages = {e0128667},
	volume = {10},
	number = {6},
	doi = {10.1371/journal.pone.0128667},
	url = {https://journals.plos.org/plosone/article?id=10.1371/journal.pone.0128667},
	note = {Publisher: Public Library of Science},
	langid = {en}
}

@article{girman1999,
	title = {Receptive Field Properties of Single Neurons in Rat Primary  Visual Cortex},
	author = {Girman, Sergej V. and {Sauvé}, Yves and Lund, Raymond D.},
	year = {1999},
	month = {07},
	date = {1999-07-01},
	journal = {Journal of Neurophysiology},
	pages = {301--311},
	volume = {82},
	number = {1},
	doi = {10.1152/jn.1999.82.1.301},
	url = {https://doi.org/10.1152/jn.1999.82.1.301},
	note = {Publisher: American Physiological Society}
}

@article{huff2018,
	title = {Neuroanatomy, visual cortex},
	author = {Huff, Trevor and Mahabadi, Navid and Tadi, Prasanna},
	year = {2018},
	date = {2018}
}

@article{seymour2017,
	title = {The Detection of Phase Amplitude Coupling during Sensory Processing},
	author = {Seymour, Robert A. and Rippon, Gina and Kessler, Klaus},
	year = {2017},
	date = {2017},
	journal = {Frontiers in Neuroscience},
	volume = {11},
	url = {https://www.frontiersin.org/journals/neuroscience/articles/10.3389/fnins.2017.00487}
}

@article{spaak2012,
	title = {Layer-Specific Entrainment of Gamma-Band Neural Activity by the Alpha Rhythm in Monkey Visual Cortex},
	author = {Spaak, Eelke and Bonnefond, Mathilde and Maier, Alexander and Leopold, {David A.} and Jensen, Ole},
	year = {2012},
	month = {12},
	date = {2012-12-18},
	journal = {Current Biology},
	pages = {2313--2318},
	volume = {22},
	number = {24},
	doi = {10.1016/j.cub.2012.10.020},
	url = {https://www.sciencedirect.com/science/article/pii/S0960982212012055}
}
