
@article{benson2023,
	title = {A Brain-Wide Map of Neural Activity during Complex Behaviour},
	author = {Benson, Brandon and Benson, Julius and Birman, Daniel and Bonacchi, {Niccolò} and Carandini, Matteo and Catarino, Joana A and Chapuis, Gaelle A and Churchland, Anne K and Dan, Yang and Dayan, Peter and DeWitt, Eric EJ and Engel, Tatiana A and Fabbri, Michele and Faulkner, Mayo and Fiete, Ila Rani and Findling, Charles and Freitas-Silva, Laura and {Gerçek}, Berk and Harris, Kenneth D and {Häusser}, Michael and Hofer, Sonja B and Hu, Fei and Hubert, {Félix} and Huntenburg, Julia M and Khanal, Anup and Krasniak, Christopher and Langdon, Christopher and Lau, Petrina Y P and Mainen, Zachary F and Meijer, Guido T and Miska, Nathaniel J and Mrsic-Flogel, Thomas D and Noel, Jean-Paul and Nylund, Kai and Pan-Vazquez, Alejandro and Pouget, Alexandre and Rossant, Cyrille and Roth, Noam and Schaeffer, Rylan and Schartner, Michael and Shi, Yanliang and Socha, Karolina Z and Steinmetz, Nicholas A and Svoboda, Karel and Urai, Anne E and Wells, Miles J and West, Steven Jon and Whiteway, Matthew R and Winter, Olivier and Witten, Ilana B},
	year = {2023},
	month = {01},
	date = {2023-01-01},
	journal = {bioRxiv},
	pages = {2023.07.04.547681},
	doi = {10.1101/2023.07.04.547681},
	url = {http://biorxiv.org/content/early/2023/07/04/2023.07.04.547681.1.abstract}
}

@article{aggarwal2022,
	title = {Visual evoked feedforward{\textendash}feedback traveling waves organize neural activity across the cortical hierarchy in mice},
	author = {Aggarwal, Adeeti and Brennan, Connor and Luo, Jennifer and Chung, Helen and Contreras, Diego and Kelz, Max B. and Proekt, Alex},
	year = {2022},
	month = {08},
	date = {2022-08-13},
	journal = {Nature Communications},
	pages = {4754},
	volume = {13},
	number = {1},
	doi = {10.1038/s41467-022-32378-x},
	url = {https://doi.org/10.1038/s41467-022-32378-x}
}
